@misc{UCI:2016,
author = " I Cheng Yeh ",
year = "2016",
title = "{UCI} Machine Learning Repository",
url = "https://archive.ics.uci.edu/ml/datasets/default+of+credit+card+clients",
institution = "Department of Information Management, Chung Hua University, Taiwan" }
